@book{ESL,
    title = {The Elements of Statistical Learning: Data Mining, Inference, and Prediction}, 
    author = {Trevor Hastie, Robert Tibshirani, Jerome Friedman}, 
    year = {2009}, 
    publisher = {Springer}
}

@article{neuralODE,
  author    = {Tian Qi Chen and
               Yulia Rubanova and
               Jesse Bettencourt and
               David K. Duvenaud},
  title     = {Neural Ordinary Differential Equations},
  journal   = {CoRR},
  volume    = {abs/1806.07366},
  year      = {2018},
  url       = {http://arxiv.org/abs/1806.07366},
  archivePrefix = {arXiv},
  eprint    = {1806.07366},
  timestamp = {Mon, 13 Aug 2018 16:47:56 +0200},
  biburl    = {https://dblp.org/rec/bib/journals/corr/abs-1806-07366},
  bibsource = {dblp computer science bibliography, https://dblp.org}
}
  
  
@article{resnet,
  author    = {Kaiming He and
               Xiangyu Zhang and
               Shaoqing Ren and
               Jian Sun},
  title     = {Deep Residual Learning for Image Recognition},
  journal   = {CoRR},
  volume    = {abs/1512.03385},
  year      = {2015},
  url       = {http://arxiv.org/abs/1512.03385},
  archivePrefix = {arXiv},
  eprint    = {1512.03385},
  timestamp = {Mon, 13 Aug 2018 16:46:56 +0200},
  biburl    = {https://dblp.org/rec/bib/journals/corr/HeZRS15},
  bibsource = {dblp computer science bibliography, https://dblp.org}
}

@misc{ euler,
   author = "{Wikipedia contributors}",
   title = "Euler method --- {W}ikipedia{,} The Free Encyclopedia",
   year = "2004",
   url = "https://en.wikipedia.org/w/index.php?title=Plagiarism&oldid=5139350",
   note = "[Online; accessed 26-March-2019]"
 }
 
 @article{de,
author = {E Boyce, William and C DiPrima, Richard},
year = {2019},
month = {03},
pages = {},
title = {Elementary differential equations and boundary value problems / William E. Boyce, Richard C. DiPrima},
journal = {SERBIULA (sistema Librum 2.0)}
}

@misc{iceberg, title={Statoil/C-CORE Iceberg Classifier Challenge}, url={https://www.kaggle.com/c/statoil-iceberg-classifier-challenge/data}, journal={Kaggle}}

@misc{allaire, title={TensorFlow for R}, url={https://tensorflow.rstudio.com/keras/articles/tutorial_basic_classification.html}, journal={TensorFlow for R}, author={Allaire, J.J.}}

@misc{3blue1brown_2017, title={Backpropagation calculus | Deep learning, chapter 4}, url={https://www.youtube.com/watch?v=tIeHLnjs5U8&index=4&list=PLZHQObOWTQDNU6R1_67000Dx_ZCJB-3pi}, journal={YouTube}, publisher={YouTube}, author={3Blue1Brown}, year={2017}, month={Nov}}


@misc{vgrad, title={Vanishing gradient problem}, url={https://en.wikipedia.org/wiki/Vanishing_gradient_problem}, journal={Wikipedia}, publisher={Wikimedia Foundation}, year={2019}, month={Feb}}


@misc{cov_shift, title={Batch normalization in Neural Networks}, url={https://towardsdatascience.com/batch-normalization-in-neural-networks-1ac91516821c}, journal={Towards Data Science}, publisher={Towards Data Science}, author={Doukkali, Firdaouss and Doukkali, Firdaouss}, year={2017}, month={Oct}}


@misc{underODE1, title={Understanding Neural ODE's}, url={https://jontysinai.github.io/jekyll/update/2019/01/18/understanding-neural-odes.html}, journal={Jonty Sinai}, author={Jonty Sinai}, year={2019}, month={Jan}}


@misc{underODE2, title={Neural networks as Ordinary Differential Equations}, url={https://rkevingibson.github.io/blog/neural-networks-as-ordinary-differential-equations/}, journal={Kevin Gibson's personal site}, author={Gibson, Kevin}, year={2018}, month={Dec}}

@book{adjoint, 
title={The mathematical theory of optimal processes}, 
author = {Pontryagin Mishchenko Boltyanskii Gramkrelidize},
yea = {1962}}


@misc{deep, title={Vanishing and Exploding Gradient explained}, url={https://www.youtube.com/watch?v=qO_NLVjD6zE}, journal={YouTube}, publisher={YouTube}, author={deeplizard}, year={2018}, month={Mar}}


@misc{res1, title={An Overview of ResNet and its Variants}, url={https://towardsdatascience.com/an-overview-of-resnet-and-its-variants-5281e2f56035}, journal={Towards Data Science}, publisher={Towards Data Science}, author={Vincent Fung}, year={2017}, month={Jul}}

@misc{rajat, title={Neural Ordinary Differential Equations and Adversarial Attacks}, url={https://rajatvd.github.io/Neural-ODE-Adversarial/}, journal={Neural Ordinary Differential Equations and Adversarial Attacks – Rajat's Blog – A blog about machine learning and math.}, author={Rajat}}


@misc{resnetCode, title={keras with data augmentation (LB: 0.1826)}, url={https://www.kaggle.com/dimitrif/keras-with-data-augmentation-lb-0-1826}, journal={Kaggle}, author={F, Dimitri}}

@misc{momentum, title={Batch Normalization Momentum? Issue \#695 torchnn}, url={https://github.com/torch/nn/issues/695}, journal={GitHub}, author={colesbury}}

@article{dropout,
  author  = {Nitish Srivastava and Geoffrey Hinton and Alex Krizhevsky and Ilya Sutskever and Ruslan Salakhutdinov},
  title   = {Dropout: A Simple Way to Prevent Neural Networks from Overfitting},
  journal = {Journal of Machine Learning Research},
  year    = {2014},
  volume  = {15},
  pages   = {1929-1958},
  url     = {http://jmlr.org/papers/v15/srivastava14a.html}
}

@misc{padding, title={What is Padding in Convolutional Neural Network's(CNN's) padding}, url={https://medium.com/@ayeshmanthaperera/what-is-padding-in-cnns-71b21fb0dd7}, journal={Medium}, publisher={Medium}, author={Perera, Ayeshmantha and Perera, Ayeshmantha}, year={2018}, month={Sep}}

@misc{kernel, title={What's happening inside the Convolutional Neural Network? The answer is Convolution.}, url={https://buzzrobot.com/whats-happening-inside-the-convolutional-neural-network-the-answer-is-convolution-2c22075dc68d}, journal={buZZrobot}, publisher={buZZrobot}, author={Fonseca, Lima and Fonseca, Lima}, year={2017}, month={Nov}}


@misc{jseam2_2019, title={JSeam2/Neural-Ordinary-Differential-Equations}, url={https://github.com/JSeam2/Neural-Ordinary-Differential-Equations}, journal={GitHub}, author={JSeam2}, year={2019}, month={Jan}}


@misc{rscratch, title={How to build your own Neural Network from scratch in R}, url={https://www.r-bloggers.com/how-to-build-your-own-neural-network-from-scratch-in-r/}, journal={R}, year={2018}, month={Oct}}


@misc{ODE_imp1, author={msurtsukov}, title={Notebook on nbviewer}, url={https://nbviewer.jupyter.org/github/urtrial/neural_ode/blob/master/Neural ODEs.ipynb}, journal={Jupyter Notebook Viewer}}


@misc{ode_imp2, title={mandubian/neural-ode}, url={https://github.com/mandubian/neural-ode/blob/master/tf-neural-ode-v1.0.ipynb}, journal={GitHub}, author={Mandubian}}

@misc{odeVid, title={Neural Ordinary Differential Equations - Best Paper Awards NeurIPS 2018}, url={https://www.youtube.com/watch?v=V6nGT0Gakyg}, journal={YouTube}, publisher={YouTube}, author={CS.ai, Angus}, year={2019}, month={Jan}}


@misc{reticulate, title={Interface to 'Python'}, url={https://rstudio.github.io/reticulate/}, journal={Interface to 'Python' reticulate}}

@misc{aisc_2019, title={Neural Ordinary Differential Equations - part 1 (algorithm review) AISC}, url={https://www.youtube.com/watch?v=BzTyEJvnyd8}, journal={YouTube}, publisher={YouTube}, author={AISC, A.I. Socratic Circles}, year={2019}, month={Feb}}

@misc{kaustav1987, title={kaustav1987/Cuda-Error-in-Pytorch}, url={https://github.com/kaustav1987/Cuda-Error-in-Pytorch/blob/master/dog Breed Classifier -Cuda Error.ipynb}, journal={GitHub}, author={kaustav1987}}


@misc{drchainsaw_2019, title={DrChainsaw/neuralODE4j}, url={https://github.com/DrChainsaw/neuralODE4j}, journal={GitHub}, author={DrChainsaw}, year={2019}, month={Mar}}


@book{fda, place={New York (N.Y.)}, title={Functional data analysis}, publisher={Springer Science Business Media}, author={Ramsay, James O.. and Silverman, Bernard W.}, year={2010}}

@misc{quad, url={https://www3.nd.edu/~zxu2/}, journal={Zhiliang Xu's Home Page}, author={Xu, Zhiliang}}

@misc{quad2, title={Introduction}, url={https://www.12000.org/my_courses/UCI_COURSES/TA_COURSES/spring_TA_MAE_185/lecture_notes/may_25_2006/HTML/numIntegration.htm}, journal={numIntegration.htm}, author={Abbasi, Nasser}}

@book{numeric_book, place={S.l.}, title={APPLIED NUMERICAL METHODS FOR ENGINEERS}, publisher={AURIS REFERENCE}, author={Akai, Terrence}, year={2016}}

@misc{quad3, title={Orthogonal Polynomials and Gaussian
Quadrature}, url = {https://www.johndcook.com/OrthogonalPolynomials.pdf},
author = {John Cook}}

@misc{quad4, title={Is there any method better than Gauss Quadrature for numerical integration?}, url = {https://www.researchgate.net/post/Is_there_any_method_better_than_Gauss_Quadrature_for_numerical_integration}}

@misc{simpsons, title={Simpson's Rule for Approximating Definite Integrals in R}, url={https://www.r-bloggers.com/simpsons-rule-for-approximating-definite-integrals-in-r/}, journal={R}, year={2017}, month={Aug}}

@misc{learnRate, title={Setting the learning rate of your neural network.}, url={https://www.jeremyjordan.me/nn-learning-rate/}, journal={Jeremy Jordan}, publisher={Jeremy Jordan}, author={Jeremy Jordan}, year={2018}, month={Nov}}

@misc{adam, title={Gentle Introduction to the Adam Optimization Algorithm for Deep Learning}, url={https://machinelearningmastery.com/adam-optimization-algorithm-for-deep-learning/}, journal={Machine Learning Mastery}, year={2019}, month={Apr}}

@misc{R1, title={Getting and removing the first character of a string}, url={https://stackoverflow.com/questions/7723549/getting-and-removing-the-first-character-of-a-string}, journal={Stack Overflow}, author={Richie Cotton}}

@misc{R2, title={Test if characters are in a string}, url={https://stackoverflow.com/questions/10128617/test-if-characters-are-in-a-string}, journal={Stack Overflow}, author={smusmu}}

@misc{fda_pred, title={Predicting response from new curves using fda package in R}, url={https://stats.stackexchange.com/questions/18470/predicting-response-from-new-curves-using-fda-package-in-r}, journal={Cross Validated}, author={user5594 1}}

@misc{cao, title={caojiguo - Overview}, url={https://github.com/caojiguo}, journal={GitHub}, author={Cao, Jiguo}}

@misc{nnInR, title={Creating and Visualizing Neural Network in R}, url={https://www.analyticsvidhya.com/blog/2017/09/creating-visualizing-neural-network-in-r/}, journal={Analytics Vidhya}, author={Blog, Guest}, year={2018}, month={May}}